@article{2020_3dgeoinfo_3d_asean,
  author  = {Biljecki, F.},
  doi     = {10.5194/isprs-annals-vi-4-w1-2020-37-2020},
  journal = {ISPRS Annals of Photogrammetry, Remote Sensing and Spatial Information Sciences},
  pages   = {37--44},
  title   = {Exploration of open data in Southeast Asia to generate 3D building models},
  volume  = {VI-4/W1-2020},
  year    = {2020}
}

@misc{3d_tiles,
  author  = {{OGC}},
  note    = {Accessed: 2025-01-13},
  title   = {{3D Tiles}},
  url     = {https://www.ogc.org/standards/3dtiles},
  urldate = {2025-01-13},
  year    = {2019}
}

@article{3dbag,
  author    = {Ravi Peters and Bal{\'a}zs Dukai and Stelios Vitalis and {van Liempt}, Jordi and Jantien Stoter},
  doi       = {10.14358/PERS.21-00032R2},
  issn      = {0099-1112},
  journal   = {Photogrammetric Engineering and Remote Sensing},
  language  = {English},
  number    = {3},
  pages     = {165--170},
  publisher = {American Society for Photogrammetry and Remote Sensing},
  title     = {Automated 3D reconstruction of LoD2 and LoD1 models for all 10 million buildings of the Netherlands},
  volume    = {88},
  year      = {2022}
}

@misc{3dbag_api_2023,
  author  = {{3DBAG}},
  title   = {3D BAG Web services},
  url     = {https://docs.3dbag.nl/nl/delivery/webservices/},
  urldate = {2025-05-10},
  year    = {2023}
}

@misc{3dbag-api,
  author  = {3DBAG},
  note    = {Accessed: 2025-01-20},
  title   = {3DBAG API},
  url     = {https://3dbag.nl/api/},
  urldate = {2025-01-20},
  year    = {2025}
}
@misc{3dcitydb,
  author  = {{Technical University of Munich}},
  title   = {3DCityDB Database},
  url     = {https://www.3dcitydb.org/3dcitydb/},
  urldate = {2024-12-17}
}

@inproceedings{abadi_2008,
  address   = {New York, NY, USA},
  author    = {Abadi, Daniel J. and Madden, Samuel R. and Hachem, Nabil},
  booktitle = {Proceedings of the 2008 ACM SIGMOD International Conference on Management of Data},
  doi       = {10.1145/1376616.1376712},
  isbn      = {9781605581026},
  keywords  = {c-store, column-oriented dbms, column-store, compression, invisible join, tuple materialization, tuple reconstruction},
  location  = {Vancouver, Canada},
  numpages  = {14},
  pages     = {967–980},
  publisher = {Association for Computing Machinery},
  series    = {SIGMOD '08},
  title     = {Column-stores vs. row-stores: how different are they really?},
  url       = {https://doi.org/10.1145/1376616.1376712},
  year      = {2008}
}

@article{b-tree,
  author  = {Comer, D.},
  journal = {ACM Comput. Surv.},
  number  = {2},
  pages   = {121–137},
  title   = {Ubiquitous B-Tree},
  volume  = {11},
  year    = {1979}
}

@article{bentley_1975,
  author  = {Bentley, J. L.},
  journal = {{Communications of the ACM}},
  pages   = {509-517},
  title   = {Multidimensional binary search trees used for associative searching},
  year    = {1975}
}

@misc{bigquery,
  author  = {Google},
  note    = {Accessed: 2024-12-18},
  title   = {{BigQuery}},
  url     = {https://cloud.google.com/bigquery},
  urldate = {2024-12-18},
  year    = {2011}
}

@article{biljecki_2015,
  author  = {Biljecki, F. and Stoter, J. and Ledoux, H. and Zlatanova, S. and Çöltekin, A.},
  doi     = {10.3390/ijgi4042842},
  journal = {ISPRS International Journal of Geo-Information},
  number  = {4},
  pages   = {2842},
  title   = {Applications of 3D City Models: State of the Art Review},
  volume  = {4},
  year    = {2015}
}

@misc{binary_search,
  author  = {Sergey Slotin},
  note    = {Accessed: 2025-05-06},
  title   = {Binary Search},
  url     = {https://en.algorithmica.org/hpc/data-structures/binary-search/},
  urldate = {2025-05-06},
  year    = {2021}
}

@misc{brose_2008_zerocopy,
  author  = {Br{\"o}se, Eduard},
  title   = {{ZeroCopy: Techniques, Benefits and Pitfalls}},
  url     = {https://www.semanticscholar.org/paper/ZeroCopy-%3A-Techniques-%2C-Benefits-and-Pitfalls-washuu/4931bbb1b96d10f89b7406bb38757dcc2a10a435},
  urldate = {2025-05-10},
  year    = {2008}
}

@misc{buffered_http_range_client,
  author  = {Pirmin Kalberer},
  title   = {HTTP client for HTTP Range requests with a buffer optimized for sequential requests},
  url     = {https://github.com/pka/http-range-client},
  urldate = {2025-05-27},
  year    = {2021}
}

@misc{CityGML,
  author  = {{OGC}},
  note    = {Accessed: 2024-11-26},
  title   = {{CityGML}},
  url     = {https://www.ogc.org/standards/citygml},
  urldate = {2024-11-26},
  year    = {2019}
}

@misc{citygml_tools,
  author  = {Claus Nagel},
  title   = {CityGML Tools},
  url     = {https://github.com/citygml4j/citygml-tools},
  urldate = {2025-05-27},
  year    = {2018}
}

@misc{cityjson,
  author  = {CityJSON},
  note    = {Accessed: 2024-11-26},
  title   = {{CityJSON}},
  url     = {https://cityjson.org/},
  urldate = {2024-11-26},
  year    = {2019}
}

@misc{cityjson_dataset,
  author  = {CityJSON},
  title   = {CityJSON Dataset},
  url     = {https://www.cityjson.org/datasets/},
  urldate = {2025-05-10},
  year    = {2019}
}

@misc{cityjson_spec,
  author  = {CityJSON},
  note    = {Accessed: 2024-11-26},
  title   = {{CityJSON Specification 2.0.1}},
  url     = {https://www.cityjson.org/specs/2.0.1/},
  urldate = {2024-11-26},
  year    = {2024}
}

@misc{clickhouse_column,
  author  = {ClickHouse},
  title   = {Columnar databases explained},
  url     = {https://clickhouse.com/engineering-resources/what-is-columnar-database},
  urldate = {2025-05-29},
  year    = {2025}
}

@misc{cloud-optimised-formats,
  author  = {{Cloud-Native Geospatial Foundation}},
  note    = {Accessed: 2024-12-17},
  title   = {{Cloud-Optimised Geospatial Formats Guide}},
  url     = {https://guide.cloudnativegeo.org/},
  urldate = {2024-12-17},
  year    = {2023}
}

@misc{cogeo,
  author  = {{Cloud Optimized GeoTIFF}},
  note    = {Accessed: 2025-01-13},
  title   = {{Cloud Optimized GeoTIFF}},
  url     = {https://cogeo.org/},
  urldate = {2025-01-13},
  year    = {2023}
}

@misc{copc,
  author  = {{Cloud Optimized Point Cloud}},
  note    = {Accessed: 2025-01-13},
  title   = {{Cloud Optimized Point Cloud Specification – 1.0}},
  url     = {https://copc.io/},
  urldate = {2025-01-13},
  year    = {2021}
}

@misc{cpp_serialization,
  author  = {{Standard C++ Foundation}},
  title   = {Serialization and Unserialization, C++ FAQ},
  url     = {https://isocpp.org/wiki/faq/serialization#serialize-overview},
  urldate = {2025-05-10},
  year    = {2025}
}

@article{daniel_persson_2020,
  author  = {Daniel Persson Proos and Niklas Carlsson},
  journal = {IEEE},
  title   = {Performance Comparison of Messaging Protocols and Serialization Formats for Digital Twins in loV},
  year    = {2020}
}

@article{danny_cohen_1981,
  author  = {Danny Cohen},
  journal = {{IEEE Computer}},
  month   = oct,
  title   = {On Holy Wars and a plea for peace},
  url     = {https://ieeexplore.ieee.org/document/1667115},
  year    = {1981}
}

@misc{draco,
  author  = {{The Draco author}},
  title   = {{Draco}},
  url     = {https://google.github.io/draco/},
  urldate = {2025-05-24},
  year    = {2017}
}

@article{dremel_2010,
  author    = {Melnik, Sergey and Gubarev, Andrey and Long, Jing Jing and Romer, Geoffrey and Shivakumar, Shiva and Tolton, Matt and Vassilakis, Theo},
  doi       = {10.14778/1920841.1920886},
  journal   = {Proceedings of the VLDB Endowment},
  number    = {1-2},
  pages     = {330--339},
  publisher = {VLDB Endowment},
  title     = {Dremel: Interactive Analysis of Web-Scale Datasets},
  url       = {https://dl.acm.org/doi/10.14778/1920841.1920886},
  volume    = {3},
  year      = {2010}
}

@misc{endianness_mdn,
  author  = {{Mozilla Foundation}},
  title   = {Endianness},
  url     = {https://developer.mozilla.org/en-US/docs/Glossary/Endianness},
  urldate = {2025-05-10},
  year    = {2025}
}

@misc{esri_webgis,
  author  = {Esri},
  title   = {About web GIS},
  url     = {https://enterprise.arcgis.com/en/server/10.8/create-web-apps/windows/about-web-gis.htm},
  urldate = {2025-05-10},
  year    = {2025}
}

@software{fcb-github-repo,
  author  = {{GitHub}},
  title   = {FlatCityBuf GitHub Repository},
  url     = {https://github.com/HideBa/flatcitybuf/},
  urldate = {2025-01-13},
  year    = {2024}
}

@misc{fcb-web-demo,
  author  = {HideBa},
  note    = {Accessed: 2025-01-20},
  title   = {FlatCityBuf Web prototype},
  url     = {https://fcb-web-prototype.netlify.app/},
  urldate = {2025-01-20},
  year    = {2025}
}

@software{fcb-web-github-repo,
  author  = {HideBa},
  note    = {Accessed: 2025-01-20},
  title   = {FlatCityBuf Web prototype},
  url     = {https://github.com/HideBa/flatcitybuf-web-prototype},
  urldate = {2025-01-20},
  year    = {2025}
}

@article{fillip_2018,
  author  = {Biljecki, F. and Kumar, K. and Nagel, C.},
  doi     = {10.1186/s40965-018-0055-6},
  journal = {Open Geospatial Data Software and Standards},
  number  = {13},
  title   = {{CityGML Application Domain Extension (ADE): overview of developments}},
  year    = {2018}
}

@article{finkel_1974,
  author  = {Finkel, R. A. and Bentley, J. L.},
  doi     = {10.1007/bf00288933},
  journal = {{Acta Informatica}},
  pages   = {1-9},
  title   = {Quad trees a data structure for retrieval on composite keys},
  year    = {1974}
}

@misc{flatbuffers,
  author  = {Google},
  note    = {Accessed: 2024-12-17},
  title   = {{FlatBuffers}},
  url     = {https://flatbuffers.dev/},
  urldate = {2024-12-17},
  year    = {2014}
}


@misc{flatbuffers_benchmark,
  author  = {Google},
  note    = {Accessed: 2025-01-13},
  title   = {{C++ Benchmarks}},
  url     = {https://flatbuffers.dev/flatbuffers_benchmarks.html},
  urldate = {2025-01-13},
  year    = {2014}
}

@misc{flatbuffers_data_types,
  author  = {{Google}},
  note    = {Accessed: 2025-05-06},
  title   = {FlatBuffers Schema},
  url     = {https://flatbuffers.dev/schema/},
  urldate = {2025-05-06},
  year    = {2024}
}

@misc{flatbuffers_support,
  author  = {{Google}},
  note    = {Accessed: 2025-05-06},
  title   = {FlatBuffers Language Support},
  url     = {https://flatbuffers.dev/support/},
  urldate = {2025-05-06},
  year    = {2024}
}

@misc{flatgeobuf,
  author  = {FlatGeobuf},
  note    = {Accessed: 2024-12-17},
  title   = {{FlatGeobuf}},
  url     = {https://flatgeobuf.org/},
  urldate = {2024-12-17},
  year    = {2020}
}

@misc{flatgeobuf_github,
  author  = {FlatGeobuf},
  note    = {Accessed: 2024-12-17},
  title   = {{FlatGeobuf GitHub Repository}},
  url     = {https://github.com/flatgeobuf/flatgeobuf},
  urldate = {2024-12-17}
}

@misc{gcs,
  author  = {Google Cloud},
  title   = {Cloud storage},
  url     = {https://cloud.google.com/storage?hl=en},
  urldate = {2025-05-10},
  year    = {2010}
}

@misc{geoparquet,
  author       = {{GeoParquet Contributors}},
  organization = {Cloud-Native Geospatial Foundation},
  title        = {GeoParquet},
  url          = {https://geoparquet.org/},
  urldate      = {2024-12-17},
  year         = {2024}
}

@misc{geoparquet_github,
  author  = {{GeoParquet Working Group}},
  title   = {GeoParquet Specification},
  url     = {https://github.com/opengeospatial/geoparquet},
  urldate = {2024-12-18},
  year    = {2024}
}

@misc{gltf,
  author  = {{Khronos Group}},
  title   = {glTF: GL Transmission Format},
  url     = {https://www.khronos.org/gltf/},
  urldate = {2025-01-13},
  year    = {2015}
}

@misc{gltf_2_0,
  author  = {{ISO}},
  title   = {{ISO/IEC 12113:2022 Information technology — Runtime 3D asset delivery format — Khronos glTF 2.0}},
  url     = {https://www.iso.org/standard/83990.html},
  urldate = {2025-05-24},
  year    = {2022}
}

@misc{gml,
  author  = {{Open Geospatial Consortium}},
  title   = {Geography Markup Language (GML) Standard},
  url     = {https://www.ogc.org/standards/gml/},
  urldate = {2025-05-24},
  year    = {2000}
}

@misc{google_flatbuffers,
  author  = {{Google}},
  note    = {Accessed: 2024-12-17},
  title   = {FlatBuffers: Memory Efficient Serialization Library},
  url     = {https://google.github.io/flatbuffers/},
  urldate = {2024-12-17},
  year    = {2014}
}



@article{guttman_1984,
  author  = {Guttman, A.},
  doi     = {10.1145/971697.602266},
  journal = {SIGMOD Rec.},
  number  = {2},
  pages   = {47–57},
  title   = {R-trees: A dynamic index structure for spatial searching},
  year    = {1984}
}

@misc{hacker_delight_2012,
  author  = {Warren, H. S.},
  title   = {{Hacker's Delight, Second Edition}},
  url     = {https://www.oreilly.com/library/view/hackers-delight-second/9780133084993/},
  urldate = {2024-12-17},
  year    = {2012}
}

@misc{horance_2022_detail,
  author  = {Horace Williams},
  note    = {Accessed: 2024-12-18},
  title   = {{Flatgeobuf: Implementer's Guide}},
  url     = {https://worace.works/2022/03/12/flatgeobuf-implementers-guide},
  urldate = {2024-12-18},
  year    = {2022}
}

@misc{horance_2022_overview,
  author  = {Horace Williams},
  note    = {Accessed: 2025-01-13},
  title   = {{Kicking the Tires: Flatgeobuf}},
  url     = {https://worace.works/2022/02/23/kicking-the-tires-flatgeobuf/},
  urldate = {2025-01-13},
  year    = {2022}
}
@misc{http_range_requests,
  author  = {{Internet Engineering Task Force}},
  note    = {Accessed: 2025-01-13},
  title   = {{Hypertext Transfer Protocol (HTTP/1.1): Range Requests}},
  url     = {https://datatracker.ietf.org/doc/html/rfc7233},
  urldate = {2025-01-13},
  year    = {2014}
}

@misc{ieee_754_2023,
  author  = {{IEEE SA}},
  title   = {IEEE Standard for Floating-Point Arithmetic},
  url     = {https://standards.ieee.org/ieee/754/6210/},
  urldate = {2025-05-10},
  year    = {2019}
}

@misc{iso_8601_2023,
  author  = {ISO},
  note    = {Published: February 21, 2017},
  title   = {ISO 8601 — Date and time format},
  url     = {https://www.iso.org/iso-8601-date-and-time-format.html},
  urldate = {2025-05-10},
  year    = {2017}
}

@misc{iso_9075_2_2023,
  author       = {{ISO/IEC 9075-2:2023}},
  howpublished = {ISO},
  title        = {ISO/IEC 9075-2:2023 Information technology — Database languages SQL
                  Part 2: Foundation (SQL/Foundation)
                  },
  year         = {2023}
}

@mastersthesis{jordi_van_liempt_2020,
  author = {Jordi {Van Liempt}},
  school = {Delft University of Technology},
  title  = {CityJSON: does (file) size matter?},
  year   = {2020}
}

@misc{json,
  author  = {{ECMA International}},
  note    = {Accessed: 2024-12-17},
  title   = {{JSON}},
  url     = {https://www.json.org/json-en.html},
  urldate = {2024-12-17},
  year    = {2013}
}
@misc{json_data_interchange_format,
  author  = {{IETF}},
  title   = {{The JavaScript Object Notation (JSON) Data Interchange Format}},
  url     = {https://datatracker.ietf.org/doc/html/rfc8259},
  urldate = {2024-12-17},
  year    = {2017}
}

@misc{jsonnd,
  author  = {ndjson},
  note    = {Accessed: 2024-12-17},
  title   = {{JSON Newline Delimited}},
  url     = {https://github.com/ndjson/ndjson-spec/},
  urldate = {2024-12-17},
  year    = {2013}
}

@online{k6,
  author  = {Grafana Labs},
  note    = {Accessed: 2025-01-20},
  title   = {k6},
  url     = {https://k6.io/},
  urldate = {2025-01-20},
  year    = {2025}
}

@article{Kamel_Faloutsos_1993,
  author  = {Kamel, I. and Faloutsos, C.},
  doi     = {10.1145/170088.170403},
  journal = {Proceedings of the Second International Conference on Information and Knowledge Management},
  pages   = {490–499},
  title   = {On packing R-trees},
  year    = {1993}
}

@article{Kamel_Faloutsos_1994,
  author  = {Kamel, I. and Faloutsos, C.},
  doi     = {10.5555/645920.673001},
  journal = {{Proceedings of the 20th International Conference on Very Large Data Bases}},
  title   = {Hilbert R-tree: An Improved R-tree Using Fkactals},
  year    = {1994}
}

@misc{koerkamp_2024,
  author  = {Ragnar Groot Koekamp},
  title   = {Static search trees: 40x faster than binary search},
  url     = {https://curiouscoding.nl/posts/static-search-tree/},
  urldate = {2025-05-10},
  year    = {2024}
}

@article{ledoux_2019,
  author    = {Hugo Ledoux and Ken Arroyo Ohori and Kavisha Kumar and Balázs Dukai and Anna Labetski and Stelios Vitalis},
  doi       = {10.1186/s40965-019-0064-0},
  issue     = {1},
  journal   = {Open Geospatial Data, Software and Standards},
  month     = {12},
  publisher = {Springer Science and Business Media LLC},
  title     = {CityJSON: a compact and easy-to-use encoding of the CityGML data model},
  volume    = {4},
  year      = {2019}
}

@inproceedings{ledoux_2024,
  author    = {Hugo Ledoux and Gina Stavropoulou and Balázs Dukai},
  booktitle = {International Archives of the Photogrammetry, Remote Sensing and Spatial Information Sciences - ISPRS Archives},
  doi       = {10.5194/isprs-archives-XLVIII-4-W11-2024-57-2024},
  issn      = {16821750},
  issue     = {4/W11-2024},
  keywords  = {3D city modelling,CityGML,CityJSON,massive datasets,streaming},
  month     = {6},
  pages     = {57-63},
  publisher = {International Society for Photogrammetry and Remote Sensing},
  title     = {Streaming CityJSON datasets},
  volume    = {48},
  year      = {2024}
}

@online{locust,
  author  = {Locust},
  note    = {Accessed: 2025-01-20},
  title   = {Locust},
  url     = {https://locust.io/},
  urldate = {2025-01-20},
  year    = {2025}
}
@misc{mapbox-vector-tiles,
  author  = {{Mapbox}},
  title   = {Vector Tile Specification},
  url     = {https://github.com/mapbox/vector-tile-spec},
  urldate = {2024-12-17}
}

@article{nist_cloud_computing_2011,
  author  = {Mell, P. and Grance, T.},
  journal = {{National Institute of Science and Technology, Special Publication}},
  number  = {800},
  title   = {{The NIST Definition of Cloud Computing}},
  volume  = {800},
  year    = {2011}
}

@misc{ogc,
  author  = {{OGC}},
  note    = {Accessed: 2024-11-26},
  title   = {{OGC}},
  url     = {https://www.ogc.org/},
  urldate = {2024-11-26}
}

@misc{ogc_api_2019,
  author  = {{OGC}},
  title   = {OGC API - Features 1.0 - Part 1: Core},
  url     = {https://docs.ogc.org/is/17-069r3/17-069r3.html#_items_},
  urldate = {2025-05-10},
  year    = {2019}
}

@misc{ogc_cql2_2024,
  author  = {{OGC}},
  title   = {Common Query Language (CQL2)},
  url     = {https://docs.ogc.org/is/21-065r2/21-065r2.html},
  urldate = {2025-05-10},
  year    = {2024}
}


@misc{ogc_filter_encoding_2010,
  author  = {{OGC}},
  title   = {Filter Encoding Standard},
  url     = {https://www.ogc.org/standards/filter/},
  urldate = {2025-05-10},
  year    = {2010}
}

@misc{parquet,
  author  = {{Apache Software Foundation}},
  title   = {Apache Parquet},
  url     = {https://parquet.apache.org/},
  urldate = {2024-12-17},
  year    = {2013}
}

@misc{parquet-format,
  author  = {{Apache Parquet Contributors}},
  title   = {Parquet Format Specification},
  url     = {https://github.com/apache/parquet-format},
  urldate = {2024-12-17}
}

@misc{plateau,
  author  = {PLATEAU},
  note    = {Accessed: 2025-01-13},
  title   = {{PLATEAU}},
  url     = {https://www.mlit.go.jp/plateau/},
  urldate = {2025-01-13},
  year    = {2020}
}

@misc{pmtiles,
  author  = {{Protomaps}},
  title   = {PMTiles: Cloud-native Protocol for Map Tiles},
  url     = {https://docs.protomaps.com/pmtiles/},
  urldate = {2024-12-18},
  year    = {2022}
}

@misc{postgis,
  author  = {PostGIS},
  title   = {PostGIS},
  url     = {https://postgis.net/},
  urldate = {2025-05-10},
  year    = {2001}
}

@misc{postgrest,
  author  = {PostgREST},
  title   = {{PostgREST: REST API for any Postgres database.}},
  url     = {https://github.com/PostgREST/postgrest},
  urldate = {2025-05-10},
  year    = {2017}
}

@article{powalka_2024,
  author  = {Powałka, L. and Poon, C. and Xia, Y. and Meines, S. and Yan, L. and Cai, Y. and Stavropoulou, G. and Dukai, B. and Ledoux, H.},
  doi     = {10.1007/978-3-031-43699-4_47},
  journal = {Recent Advances in 3D Geoinformation Science},
  pages   = {781--796},
  title   = {cjdb: 18th 3D Geoinfo Conference},
  year    = {2024}
}

@misc{protobuf,
  author  = {{Google}},
  note    = {Accessed: 2024-12-17},
  title   = {{Protocol Buffers}},
  url     = {https://protobuf.dev/},
  urldate = {2024-12-17},
  year    = {2008}
}

@misc{py_serialization,
  author  = {{Python Software Foundation}},
  title   = {pickle — Python object serialization},
  url     = {https://docs.python.org/3/library/pickle.html#module-pickle},
  urldate = {2025-05-10},
  year    = {2025}
}

@book{ramez_2015,
  author    = {Ramez Elmasri and Shamkant B. Navathe},
  editor    = {},
  publisher = {Pearson plc},
  title     = {Fundamentals of Database Systems},
  year      = {2015}
}

@software{ravi_peters_2024_citybuf,
  author  = {Peters, Ravi},
  title   = {CityBuf: Experimental CityJSON encoding using FlatBuffers},
  url     = {https://github.com/3DBAG/CityBuf},
  urldate = {2024-12-18},
  year    = {2024}
}

@misc{rawrunprotected_2016,
  author  = {Rawlinson, N. and Toth, C.},
  license = {Public Domain},
  title   = {Fast Hilbert Curves},
  url     = {https://github.com/rawrunprotected/hilbert_curves},
  urldate = {2024-12-17},
  year    = {2016}
}

@misc{redelme,
  author  = {{Apache Arrow Contributors}},
  title   = {The striping and assembly algorithms from the Dremel paper},
  url     = {https://github.com/julienledem/redelm/wiki/The-striping-and-assembly-algorithms-from-the-Dremel-paper},
  urldate = {2024-12-17}
}

@software{redshift,
  author  = {{Amazon Web Services}},
  title   = {Amazon Redshift},
  url     = {https://aws.amazon.com/redshift/},
  urldate = {2024-12-18},
  year    = {2012}
}

@misc{rfc_7233,
  author  = {RFC},
  title   = {HTTP/1.1, part 5: Range Requests and Partial Responses},
  url     = {https://www.ietf.org/archive/id/draft-ietf-httpbis-p5-range-09.html},
  urldate = {2025-01-13},
  year    = {2010}
}

@article{Roussopoulos_Leifker_1985,
  author  = {Roussopoulos, N. and Leifker, D.},
  doi     = {10.1145/971699.318900},
  journal = {ACM SIGMOD Record},
  number  = {4},
  pages   = {17-31},
  title   = {Direct spatial search on pictorial databases using packed R-trees},
  year    = {1985}
}

@misc{semver,
  author  = {SemVer},
  title   = {Semantic Versioning},
  url     = {https://semver.org/},
  urldate = {2025-05-06}
}

@misc{simple_features,
  author  = {{OGC}},
  number  = {06-103r4},
  title   = {Simple Features Access},
  type    = {OGC Implementation Standard},
  url     = {https://www.ogc.org/publications/standard/sfa/},
  urldate = {2024-12-18},
  year    = {2011}
}

@software{snowflake,
  author  = {{Snowflake Inc.}},
  title   = {Snowflake},
  url     = {https://www.snowflake.com/},
  urldate = {2024-12-18},
  year    = {2015}
}

@article{song2012performance,
  author    = {Song, Jia and Alves-Foss, Jim},
  journal   = {International Journal of Computer Science and Security (IJCSS)},
  number    = {4},
  pages     = {256},
  publisher = {Citeseer},
  title     = {Performance review of zero copy techniques},
  volume    = {6},
  year      = {2012}
}

@misc{static_b_trees,
  author  = {Sergey Slotin},
  title   = {Static B-Trees},
  url     = {https://en.algorithmica.org/hpc/data-structures/s-tree/},
  urldate = {2025-05-06},
  year    = {2021}
}

@misc{swiss_buildings3d,
  author  = {{Swiss Federal Office of Topography}},
  title   = {{SwissBUILDINGS3D 3.0 Beta}},
  url     = {https://www.swisstopo.admin.ch/en/landscape-model-swissbuildings3d-3-0-beta},
  urldate = {2025-05-24},
  year    = {2024}
}

@misc{tms,
  author  = {{OGC}},
  title   = {Tile Map Service (TMS) Standaard},
  url     = {https://www.ogc.org/nl/standards/tms},
  urldate = {2025-05-10},
  year    = {2006}
}

@misc{us_buildings3d,
  author  = {{BuildZero.Org}},
  title   = {{Open City Model}},
  url     = {https://github.com/opencitymodel/opencitymodel},
  urldate = {2025-05-24},
  year    = {2025}
}

@misc{viotti_2022,
  author  = {Viotti, Juan Cruz and Kinderkhedia, Mital},
  title   = {A survey of JSON-compatible binary serialization specifications},
  url     = {https://arxiv.org/abs/2201.02089},
  urldate = {2025-05-10},
  year    = {2022}
}

@misc{vladimir_2018,
  author  = {Vladimir Agafonkin},
  title   = {Flatbush: A very fast static spatial index for 2D points and rectangles in JavaScript},
  url     = {https://github.com/mourner/flatbush},
  urldate = {2024-12-17},
  year    = {2010}
}

@misc{WebAssembly,
  author  = {{the Mozilla Foundation}},
  title   = {{WebAssembly}},
  url     = {https://developer.mozilla.org/en-US/docs/WebAssembly},
  urldate = {2025-05-14},
  year    = {2025}
}

@misc{WebAssemblyCoreSpecification1,
  author  = {{W3C}},
  note    = {Version 1.0, Editor: Andreas Rossberg},
  title   = {{WebAssembly Core Specification}},
  url     = {https://www.w3.org/TR/wasm-core-1/},
  urldate = {2025-05-10},
  year    = {2019}
}

@misc{WebAssemblyCoreSpecification2,
  author  = {{W3C}},
  title   = {{WebAssembly Core Specification}},
  url     = {https://www.w3.org/TR/wasm-core-2/},
  urldate = {2025-05-10},
  year    = {2022}
}